This file was created with JabRef 2.2.
Encoding: MacRoman

@ARTICLE{smoothParafac2016,
  author = {Tatsuya Yokota, Qibin Zhao, Andrzej Cichocki},
  title = {Smooth PARAFAC Decomposition for Tensor Completion},
  journal = {IEEE Transactions on Signal Processing issue 20},
  volume = {64},
  issue = {20},
  year = {2016},
  pages = {5423--5436},
  publisher = {IEEE},
  series = {IEEE Transactions on Signal Processing}
}

@ARTICLE{fastALS2014,
  author = {Hastie, Trevor; Mazumder, Rahul; Lee, Jason; Zadeh, Reza},
  title = {Matrix Completion and Low-Rank SVD via Fast Alternating Least Square},
  year = {2014},
  publisher = {ARXIV},
  eprint = {https://arxiv.org/abs/1410.2596}
}

@ARTICLE{GLSmatrix2013,
  author = {Genevera I. Allen and Logan Grosenick and Jonathan Taylor},
  title = {A Generalized Least-Square Matrix Decomposition},
  journal = {Journal of the American Statistical Association},
  volume = {109},
  number = {505},
  pages = {145-159},
  year  = {2014},
  publisher = {Taylor & Francis},
  eprint = { https://doi.org/10.1080/01621459.2013.852978}
}

@ARTICLE{netflix2009,
  author = {Andreas Toscher and Michael Jahrer and Robert M. Bell},
  title = {The BigChaos Solution to the Netflix Grand Prize},
  year = {2009}
}

@BOOK{hoff2009,
  title = {A First Course in Bayesian Statistical Methods},
  publisher = {Springer-Verlag New York},
  year = {2009},
  author = {Peter D. Hoff},
  isbn = {978-0-387-92299-7}
}

@ARTICLE{sparse2014,
  author = {Dan Yang and Zongming Ma and Andreas Buja},
  title = {A Sparse Singular Value Decomposition Method for High-Dimensional Data},
  journal = {Journal of Computational and Graphical Statistics},
  volume = {23},
  number = {4},
  pages = {923-942},
  year  = {2014},
  publisher = {Taylor & Francis},
  URL = {https://doi.org/10.1080/10618600.2013.858632},
  eprint = {https://doi.org/10.1080/10618600.2013.858632}
}


@ARTICLE{prior2014,
  author = {Alquier, Pierre; Cottet, Vincent; Chopin, Nicolas; Rousseau, Judith},
  title = {Bayesian matrix completion: prior specification},
  year = {2014},
  publisher = {ARXIV},
  eprint = {https://arxiv.org/abs/1406.1440v3}
}


@ARTICLE{pca2012,
  author = {Stephen Bailey},
  title = {Principal Component Analysis with Noisy and/or Missing Data},
  year = {2012},
  publisher = {ARXIV},
  eprint = {https://arxiv.org/abs/1208.4122}
}

@ARTICLE{EYM1987,
  author = {G.H. Golub, Alan Hoffman, G.W. Stewart},
  title = {A generalization of the Eckart-Young-Mirsky matrix approximation theorem},
  year = {1987},
  journal = {Linear Algebra and its Applications},
  volume = {88-89},
  pages = {317-327},
  publisher = {Elsevier}
}




